@online{AvNet,
author = {{Avnet Inc.}},
title = {{Avnet EMEA: Quality Electronic Components \& Services}},
note = {[Online], \url{https://www.avnet.com/wps/portal/emea/}, [Accessed: 07-Nov-2019]},
url = {https://www.avnet.com/wps/portal/emea/},
urldate = {2019-11-07},
year = {2019}
}

@online{GoPro,
author = {GoPro-Inc.},
title = {{GoPro - Cameras}},
note = {[Online], \url{https://shop.gopro.com/EMEA/cameras/}, [Accessed: 03-Mar-2019]},
url = {https://shop.gopro.com/EMEA/cameras/},
urldate = {2019-03-03},
year = {2019}
}

@online{Logibricks,
author = {Xylon-d.o.o.},
title = {{Xylon - logicBRICKS IP Cores for FPGA and Design Services}},
note = {[Online], \url{https://www.logicbricks.com/}, [Accessed: 03-Mar-2019]},
url = {https://www.logicbricks.com/},
urldate = {2019-03-03},
year = {2019}
}