@online{x8,
title = {{X8 quadcopter}},
note = {[Online], \url{http://www.dronezon.com/drone-reviews/3dr-x8-quadcopter-for-mapping-and-aerial-filming/}, [Accessed: 03-Mar-2019]},
url = {http://www.dronezon.com/drone-reviews/3dr-x8-quadcopter-for-mapping-and-aerial-filming/},
year = {2019}
}

@online{switching,
author = {Xilinx-Inc.},
title = {{Zynq UltraScale+ RFSoC Data Sheet: DC and AC Switching Characteristics}},
note = {[Online], \url{https://www.xilinx.com/support/documentation/data_sheets/ds926-zynq-ultrascale-plus-rfsoc.pdf}, [Accessed: 03-Mar-2019]},
url = {https://www.xilinx.com/support/documentation/data{\_}sheets/ds926-zynq-ultrascale-plus-rfsoc.pdf},
urldate = {2019-03-03},
year = {2019}
}

@online{GoPro_resolutions,
author = {GoPro-Inc.},
title = {{Available Video Resolutions for HERO4 Black and Silver}},
note = {[Online], \url{https://gopro.com/help/articles/block/Available-Video-Resolutions-for-HERO4-Black-and-Silver}, [Accessed: 03-Mar-2019]},
url = {https://gopro.com/help/articles/block/Available-Video-Resolutions-for-HERO4-Black-and-Silver},
urldate = {2019-03-03},
year = {2019}
}
@online{ZCU102,
author = {Xilinc-Inc.},
title = {{Xilinx Zynq UltraScale+ MPSoC ZCU102 Evaluation Kit}},
note = {[Online], \url{https://www.xilinx.com/products/boards-and-kits/ek-u1-zcu102-g.html}, [Accessed: 03-Mar-2019]},
url = {https://www.xilinx.com/products/boards-and-kits/ek-u1-zcu102-g.html},
urldate = {2019-03-03},
year = {2019}
}

@online{Omnivision,
author = {{OmniVision Technologies}, Inc.},
title = {{OmniVision | A leading developer of advanced digital imaging solutions.}},
note = {[Online], \url{https://www.ovt.com/sensors/OV10635}, [Accessed: 03-Mar-2019]},
url = {https://www.ovt.com/sensors/OV10635},
urldate = {2019-03-03},
year = {2019}
}

@misc{avnet_tutorial,
title={FMC-MULTI-CAM4 reVISION 2018.2 Tutorial},
url={https://www.avnet.com/opasdata/d120001/medias/docus/190/FMC_MULTICAM4_REVISION_Tutorial_2018_2_02.pdf},
journal={Avnet.com},
year={2017}
},

@misc{avnet_HUG,
title={Avnet Embedded Vision Multi-Sensor FMC Hardware User Guide },
url={https://www.avnet.com/opasdata/d120001/medias/docus/190/Avnet%20EV%20multi%20sensor%20FMC%20-%20HUG%200v11.pdf},
journal={Avnet.com},
year={2017}
}

@misc{avnet_HDMI,
title={HDMI Input/Output FMC Module},
url={https://www.avnet.com/shop/us/products/avnet-engineering-services/aes-fmc-hdmi-cam-g-3074457345635221625/},
journal={Avnet.com},
year={2019}
}