@online{img_border,
    author = {Programmer Sought},
    title = {Chapter 10 of Learning Opencv3 Filtering and Convolution},
    note = {[Online], \url{http://www.programmersought.com/article/7474368644/}, [Accessed: 29-Nov-2019]},
    url = {http://www.programmersought.com/article/7474368644/},
    urldate = {2019-11-29},
    year = {2019}
}

@misc{spark_deep_nodate,
	title = {Deep learning for complete beginners: convolutional neural networks with keras},
	shorttitle = {Deep learning for complete beginners},
	url = {http://cambridgespark.com/content/tutorials/convolutional-neural-networks-with-keras/index.html},
	urldate = {2017-10-05},
	author = {Spark, Cambridge}
}

@misc{sebastian_activation,
	title = {{What} is the role of the activation function in a neural network? {How} does this function in a human neural network system? - {Quora}},
	url = {https://www.quora.com/What-is-the-role-of-the-activation-function-in-a-neural-network-How-does-this-function-in-a-human-neural-network-system/answer/Sebastian-Raschka-1},
	urldate = {2017-10-05},
	author = {Sebastian Raschka}
}

@article{HVS-RGB,
author = {Roza, Felippe and Silva, Vinicius and Pereira, Patrick and Bertol, Douglas},
year = {2016},
month = {10},
pages = {643-653},
title = {Modular robot used as a beach cleaner},
volume = {24},
journal = {Ingeniare. Revista chilena de ingenier√≠a},
doi = {10.4067/S0718-33052016000400009}
}

@online{fpga_block,
    author = {{Clipartwiki}},
    title = {Shades Drawing Logic - Fpga Architecture With Block Diagram},
    note = {[Online], \url{https://www.clipartwiki.com/iclip/bmwiJJ_shades-drawing-logic-fpga-architecture-with-block-diagram/}, [Accessed: 2-Dec-2019]},
    url = {https://www.clipartwiki.com/iclip/bmwiJJ_shades-drawing-logic-fpga-architecture-with-block-diagram/},
    urldate = {2019-12-2},
    year = {2019}
}


@online{avnet_mipi_img,
    author = {Avnet},
    title = {The Quad Camera FMC Bundle is fully integrated to the Xilinx reVISION stack, including SDSoC platforms and design examples},
    note = {[Online], \url{https://www.avnet.com/wps/portal/silica/products/new-products/npi/2018/avnet-quad-ar0231at-camera-fmc-bundle/}, [Accessed: 4-Dec-2019]},
    url = {https://www.avnet.com/wps/portal/silica/products/new-products/npi/2018/avnet-quad-ar0231at-camera-fmc-bundle/},
    urldate = {2019-12-4},
    year = {2019}
}

@online{logi_4cam_img,
    author = {{Xylon d.o.o.}},
    title = {MPSoC Multi-Camera Vision Kit},
    note = {[Online], \url{https://www.logicbricks.com/Solutions/Xylon-MPSoC-Vision-Development-Kit.aspx}, [Accessed: 4-Dec-2019]},
    url = {https://www.logicbricks.com/Solutions/Xylon-MPSoC-Vision-Development-Kit.aspx},
    urldate = {2019-12-4},
    year = {2019}
}