@online{pynq,
author = {Xilinx-Inc.},
title = {{PYNQ: Python Productivity for ZYNQ}},
note = {[Online], \url{http://www.pynq.io/home.html}, [Accessed: 03-Mar-2019]},
url = {http://www.pynq.io/home.html},
urldate = {2019-03-03},
year = {2019}
}

@online{xfOpenCV_pynq,
author = {GitHub.Com/Xilinx/},
title = {PYNQ - Computer Vision},
note = {[Online], \url{https://github.com/Xilinx/PYNQ-ComputerVision}, [Accessed: 13-Nov-2019]},
url = {https://github.com/Xilinx/PYNQ-ComputerVision},
urldate = {2019-11-13},
year = {2019}
}


@inproceedings{finn,
    author = {Umuroglu, Yaman and Fraser, Nicholas J. and Gambardella, Giulio and Blott, Michaela and Leong, Philip and Jahre, Magnus and Vissers, Kees},
    title = {FINN: A Framework for Fast, Scalable Binarized Neural Network Inference},
    booktitle = {Proceedings of the 2017 ACM/SIGDA International Symposium on Field-Programmable Gate Arrays},
    series = {FPGA '17},
    year = {2017},
    pages = {65--74},
    publisher = {ACM}
}

@article{jia2014caffe,
  Author = {Jia, Yangqing and Shelhamer, Evan and Donahue, Jeff and Karayev, Sergey and Long, Jonathan and Girshick, Ross and Guadarrama, Sergio and Darrell, Trevor},
  Journal = {arXiv preprint arXiv:1408.5093},
  Title = {Caffe: Convolutional Architecture for Fast Feature Embedding},
  Year = {2014}
}

@inproceedings{rybalkin2017hardware,
  title={Hardware architecture of bidirectional long short-term memory neural network for optical character recognition},
  author={Rybalkin, Vladimir and Wehn, Norbert and Yousefi, Mohammad Reza and Stricker, Didier},
  booktitle={Proceedings of the Conference on Design, Automation \& Test in Europe},
  pages={1394--1399},
  year={2017},
  organization={European Design and Automation Association}
}

@ARTICLE{2016arXiv160502688short,
   author = {{Theano Development Team}},
    title = "{Theano: A {Python} framework for fast computation of mathematical expressions}",
  journal = {arXiv e-prints},
   volume = {abs/1605.02688},
 primaryClass = "cs.SC",
 keywords = {Computer Science - Symbolic Computation, Computer Science - Learning, Computer Science - Mathematical Software},
     year = 2016,
    month = may,
      url = {http://arxiv.org/abs/1605.02688},
}

@misc{lasagne,
  author       = {Sander Dieleman and
                  Jan Schlüter and
                  Colin Raffel and
                  Eben Olson and
                  Søren Kaae Sønderby and
                  Daniel Nouri and
                  others},
  title        = {Lasagne: First release.},
  month        = aug,
  year         = 2015,
  doi          = {10.5281/zenodo.27878},
  url          = {http://dx.doi.org/10.5281/zenodo.27878}
}