@online{AirSim,
author = {Microsoft-Corporation},
title = {{GitHub - Microsoft/AirSim: Open source simulator for autonomous vehicles built on Unreal Engine / Unity, from Microsoft AI {\&} Research}},
note = {[Online], \url{https://github.com/Microsoft/AirSim}, [Accessed: 03-Mar-2019]},
url = {https://github.com/Microsoft/AirSim},
urldate = {2019-03-03},
year = {2019}
}

@online{UnrealE,
author = {Inc., Epic Games},
title = {{What is Unreal Engine 4}},
note = {[Online], \url{https://www.unrealengine.com/en-US/what-is-unreal-engine-4}, [Accessed: 03-Mar-2019]},
url = {https://www.unrealengine.com/en-US/what-is-unreal-engine-4},
urldate = {2019-03-03},
year = {2019}
}

@online{PetaLinux,
author = {Xilinc-Inc.},
title = {{PetaLinux Tools}},
note = {[Online], \url{https://www.xilinx.com/products/design-tools/embedded-software/petalinux-sdk.html}, [Accessed: 03-Mar-2019]},
url = {https://www.xilinx.com/products/design-tools/embedded-software/petalinux-sdk.html},
urldate = {2019-03-03},
year = {2019}
}

@online{ROS,
author = {Foundation, Open Source Robotics},
title = {{ROS.org}},
note = {[Online], \url{http://www.ros.org}, [Accessed: 03-Mar-2019]},
url = {http://www.ros.org/},
urldate = {2019-03-03},
year = {2019}
}

@online{FreeROTS,
author = {Inc., Amazon Web Services},
title = {{FreeRTOS - Market leading RTOS (Real Time Operating System) for embedded systems with Internet of Things extensions}},
note = {[Online], \url{https://www.freertos.org/}, [Accessed: 03-Mar-2019]},
url = {https://www.freertos.org/},
urldate = {2019-03-03},
year = {2019}
}

@online{Xenomai,
author = {{The Xenomai project}},
title = {Xenomai | Real-time system},
note = {[Online], \url{https://xenomai.org/}, [Accessed: 11-Nov-2019]},
url = {https://xenomai.org/},
urldate = {2019-11-11},
year = {2019}
}

@online{jupyter,
author = {{Project Jupyter}},
title = {Project Jupyter},
note = {[Online], \url{https://jupyter.org/}, [Accessed: 13-Nov-2019]},
url = {https://jupyter.org/},
urldate = {2019-11-13},
year = {2019}
}

@online{HLS,
author = {Xilinx-Inc.},
title = {{Vivado High-Level Synthesis}},
note = {[Online], \url{https://www.xilinx.com/products/design-tools/vivado/integration/esl-design.html}, [Accessed: 03-Mar-2019]},
url = {https://www.xilinx.com/products/design-tools/vivado/integration/esl-design.html},
urldate = {2019-03-03},
year = {2019}
}

@online{sdsoc,
title = {{SDSoC Development Environment}},
note = {[Online], \url{https://www.xilinx.com/products/design-tools/software-zone/sdsoc.html}, [Accessed: 03-Mar-2019]},
url = {https://www.xilinx.com/products/design-tools/software-zone/sdsoc.html},
urldate = {2019-03-03}
}

@online{Xilinx_hdmi,
author = {Xilinx-Inc.},
title = {{ZHDMI 1.4/2.0 ReceiverSubsystem v3.1}},
note = {[Online], \url{https://www.xilinx.com/support/documentation/ip_documentation/v_hdmi_rx_ss/v2_0/pg236-v-hdmi-rx-ss.pdf}, [Accessed: 03-Mar-2019]},
url = {https://www.xilinx.com/support/documentation/ip{\_}documentation/v{\_}hdmi{\_}rx{\_}ss/v3{\_}1/pg236-v-hdmi-rx-ss.pdf},
urldate = {2019-03-03},
year = {2019}
}

@online{logiVID-ZU,
title = {{Hardware Platforms - logiVID-ZU}},
note = {[Online], \url{https://www.logicbricks.com/Products/logiVID-ZU.aspx}, [Accessed: 03-Mar-2019]},
url = {https://www.logicbricks.com/Products/logiVID-ZU.aspx},
urldate = {2019-03-03}
}

@article{opencv_library,
    author = {Bradski, G.},
    citeulike-article-id = {2236121},
    journal = {Dr. Dobb's Journal of Software Tools},
    keywords = {bibtex-import},
    posted-at = {2008-01-15 19:21:54},
    priority = {4},
    title = {{The OpenCV Library}},
    year = {2000}
}